@article{1,
  title={移动互联网对企业营销的影响},
  author={郝文艺;冷志杰},
  journal={中国市场},
  volume={29},
  year={2015},
}
@article{2,
  title={“大数据”背景下营销体系的解构与重构},
  author={黄升民；刘珊},
  journal={现代传播(中国传媒大学学报)},
  volume={34},
  year={2012},
}